<?xml version="1.0" encoding="UTF-8"?><collection><record><leader>07612ntm a2200625 a 4500</leader><controlfield tag="001">006823191</controlfield><controlfield tag="003">MiAaHDL</controlfield><controlfield tag="005">20190719000000.0</controlfield><controlfield tag="006">m        d        </controlfield><controlfield tag="007">cr bn ---auaua</controlfield><controlfield tag="008">090625m17881789xx            00| ||per d</controlfield><datafield tag="035" ind1=" " ind2=" "><subfield code="a">(MiU)006823191</subfield></datafield><datafield tag="035" ind1=" " ind2=" "><subfield code="a">sdr-miu006823191</subfield></datafield><datafield tag="040" ind1=" " ind2=" "><subfield code="a">MiU</subfield><subfield code="c">MiU</subfield><subfield code="e">amremm</subfield></datafield><datafield tag="043" ind1=" " ind2=" "><subfield code="a">n-us-mi</subfield><subfield code="a">a-ii---</subfield></datafield><datafield tag="100" ind1="0" ind2=" "><subfield code="6">880-01</subfield><subfield code="a">Faqīrullāh,</subfield><subfield code="d">17th cent.</subfield></datafield><datafield tag="245" ind1="1" ind2="0"><subfield code="6">880-03</subfield><subfield code="a">[Mukātabāt-i Navvāb Sayf Khān va Ruqʻāt-i ʻInāyat Allāh Kanbūh,</subfield><subfield code="f">1203?, i.e. 1788? and 1789?].</subfield></datafield><datafield tag="260" ind1=" " ind2=" "><subfield code="c">[1788 and 1789?].</subfield></datafield><datafield tag="300" ind1=" " ind2=" "><subfield code="a">108 leaves :</subfield><subfield code="b">paper ;</subfield><subfield code="c">220 x 145 (170 x 90) mm.</subfield></datafield><datafield tag="500" ind1=" " ind2=" "><subfield code="a">Shelfmark: Ann Arbor, University of Michigan, Special Collections Library, Isl. Ms. 1021</subfield></datafield><datafield tag="500" ind1=" " ind2=" "><subfield code="a">Origin: As appears in colophon on p.146, opening work copied by Muḥammad ...[?] Munshī ( محمد ... منشي [?] ) with transcription completed 20 Ramaḍān 1203 [?] [ca. 14 June 1789 ?]. As appears in colophon on p.217, transcription of second work completed 1 Muḥarram 1203 [?] [ca. 2 October 1788]. Use of same or very similar paper in each work suggests such nearly contemporary dates of transcription.</subfield></datafield><datafield tag="500" ind1=" " ind2=" "><subfield code="a">Accompanying materials: a. Used call slip with notes in handwriting of Jameson on reverse "'Coal-cellar' MS | Sulaiman purchase | 10-20-70" (paginated pp.1-2) -- b. Slip with notes in handwriting of Eilts [?] and Jameson "1253 AH 1837 or 8 =colophon | Persian | title – ? | author – ? | Brought to RBR on 10-27-70 by Mr. Eilts. | Purchased by Mr. Sulaiman from Librarie Tunisienne in 1967. Letter &amp; invoice in MSS file. [actually, this manuscript does not appear in the inventory listing in the administrative files and was not purchased from Librarie Tunisienne but from Haziq-n-Mohi Rare Book Sellers of Hyderabad ; likely mistakenly assigned to "Sulaiman Purchase" manuscripts]| See inscription in book" (paginated pp.3-4).</subfield></datafield><datafield tag="500" ind1=" " ind2=" "><subfield code="a">Former shelfmark: Mich. Isl. Ms. temp. no. 170</subfield></datafield><datafield tag="500" ind1=" " ind2=" "><subfield code="a">Binding: Pasteboards covered in dark red-brown leather ; Type III binding (without flap) ; pastedowns and flyleaves in laid paper ; upper and lower covers carry stamped (with yellow-tinted paper onlays) mandorla, pendants, cornerpieces and borders defined by 'gold'-painted fillets ; epigraphic stamps used for cornerpieces ; sewn in heavy white thread, two stations ; worked chevron endbands in red and now dull cream, fairly good condition, primaries stitched through spine lining ; overall in poor condition with much abrasion and staining, lifting and losses of onlays, cover detaching at upper hinge and spine lining (except where primaries stitched), minor delamination of boards, etc.</subfield></datafield><datafield tag="500" ind1=" " ind2=" "><subfield code="a">Support: non-European (likely Indian) laid paper of at least two types ; mainly a type (appearing in opening work and bulk of second work) with roughly 8 laid lines per cm. (vertical, somewhat indistinct, some curving) and chain lines only faintly visible (see p.148), cloudy formation, many fibers and inclusions visible, thin and transluscent though sturdy, lightly burnished, dark cream in color ; final type (appearing at close of second work) with 7 laid lines per cm. (horizontal, fairly distinct, some curving) and no chain lines visible, slightly thicker and sturdier than main type.</subfield></datafield><datafield tag="500" ind1=" " ind2=" "><subfield code="a">Decoration: Keywords and headings rubricated ; overlining in red ; textual dividers in the form of three inverted commas.</subfield></datafield><datafield tag="500" ind1=" " ind2=" "><subfield code="a">Script: Shikastah-nastaʻlīq ( شكسته نستعليق ) ; two bold Indian hands ; opening work supplied in fluid though somewhat angular hand in a medium line, freely ligatured and casually pointed with gentle effect of words descending to baseline, elongation of horizontal strokes, etc. ; second work supplied in a graceful hand in a medium line, freely ligatured with effect of words descending to baseline, quite rounded with smooth curvilinear descenders (some dramatically sweeping), pointing (though somewhat casual) mainly in distinct dots.</subfield></datafield><datafield tag="500" ind1=" " ind2=" "><subfield code="a">Layout: Written in 15 and 16 lines per page.</subfield></datafield><datafield tag="500" ind1=" " ind2=" "><subfield code="a">Collation: 13 IV(104), II (108) ; exclusively quaternions ; middle of the quire marks in the form of oblique strokes in black in the upper-outer corner of the right-hand leaf and lower-outer corner of the left-hand leaf ; catchwords present ; pagination in pencil, Western numerals, supplied during digitization (includes inserts).</subfield></datafield><datafield tag="500" ind1=" " ind2=" "><subfield code="a">Colophon: [Mukātabāt] "كتبه محمد ... منشي ... تحرير بستم شهر رمضان المبارك سنه ١٢٠٠٣ [؟] هجرى"; [Ruqʻāt-i ʻInāyat Allāh Kanbūh] "... ... رقم الحروف ... تاريخ غره ماه محرم سنه ١٢٠٣ [؟] هجرى"</subfield></datafield><datafield tag="500" ind1=" " ind2=" "><subfield code="a">Incipit: [Mukātabāt] " بر راز شناسان سخن نهفته نماند مکاتباتی که از زبان خدیو پاک روان سیفخان به بعضی خوانین..." ; [Ruqʻāt-i ʻInāyat Allāh Kanbūh] "این مکتوبات چند از شیخ عنایت الله کنبوه که منشی عهد بود نوشته شد جزو اغارید است ..."</subfield></datafield><datafield tag="500" ind1=" " ind2=" "><subfield code="a">Title supplied by cataloguer.</subfield></datafield><datafield tag="500" ind1=" " ind2=" "><subfield code="a">Ms. composite codex.</subfield></datafield><datafield tag="505" ind1="0" ind2=" "><subfield code="a">5. p.219-p.220 : [assorted excerpts including "recipe containing sesame, ginger and sugar, etc. to help gain weight and have a bright complexion," a charm, etc. from description of Connie Bobroff].</subfield></datafield><datafield tag="505" ind1="0" ind2=" "><subfield code="a">4. p.218 : [blank].</subfield></datafield><datafield tag="505" ind1="0" ind2=" "><subfield code="a">3. p.149-p.217 : Ruqʻāt-i ʻInāyat Allāh Kanbūh / ʻInāyat Allāh Kanbūh.</subfield></datafield><datafield tag="505" ind1="0" ind2=" "><subfield code="a">2. p.147-p.148 : [blank].</subfield></datafield><datafield tag="505" ind1="0" ind2=" "><subfield code="a">1. p.6-p.146 : [Mukātabāt] / Navāb Sayf Khān.</subfield></datafield><datafield tag="510" ind1="4" ind2=" "><subfield code="a">Bazmee Ansari, A.S. "ʿInāyat Allāh Kańbū." In EI2,</subfield><subfield code="c">vol.III, p.1203, col.2</subfield></datafield><datafield tag="510" ind1="4" ind2=" "><subfield code="a">Fihrist-i mīkrūfilm-i nuskhahʻhā-yi khaṭṭī-i Fārsī va ʻArabī Kitābkhānah-i Mawlānā Āzād Danishgāh-i Islāmī-i ʻAlīgar Hind,</subfield><subfield code="c">no. 1335</subfield></datafield><datafield tag="520" ind1="8" ind2=" "><subfield code="a">Composite manuscript carrying two works comprising collections of correspondence, the first of Faqīr Allāh Navvāb [Navāb] Sayf Khān (d.1683) with his pupil the prince Dārā Shikūh (Dārā Shukūh, d.1659) son of Shāh Jahān (r.1628-57), and the second of ʻInāyat Allāh Kanbūh (d.1671). Contributions to the cataloguing from Connie Bobroff (including identification and transcription) and Abdullah Ghouchani. See another ms. copy of the first work in Maulana Azad Library, Aligarh Muslim University, no. 1335.</subfield></datafield><datafield tag="538" ind1=" " ind2=" "><subfield code="a">Mode of access: Internet.</subfield></datafield><datafield tag="541" ind1=" " ind2=" "><subfield code="c">Purchase</subfield><subfield code="a">Purchased from Haziq-n-Mohi Rare Book Sellers ;</subfield><subfield code="d">Received: 6/24/1968 ;</subfield><subfield code="e">(Haziq &amp; Mohi 643225-424)</subfield></datafield><datafield tag="546" ind1=" " ind2=" "><subfield code="a">Persian.</subfield></datafield><datafield tag="561" ind1=" " ind2=" "><subfield code="a">UM Library inscription on facing incipit page (p.7) "General Library | 643225-424 | Haziq &amp; Mohi | 6-24-68" ; occasional glosses and corrections.</subfield></datafield><datafield tag="650" ind1=" " ind2="0"><subfield code="a">Manuscripts, Persian</subfield><subfield code="z">Michigan</subfield><subfield code="z">Ann Arbor.</subfield></datafield><datafield tag="650" ind1=" " ind2="0"><subfield code="a">Letter writing, Persian</subfield><subfield code="z">India</subfield><subfield code="v">Early works to 1800.</subfield></datafield><datafield tag="651" ind1=" " ind2="0"><subfield code="a">India</subfield><subfield code="x">History</subfield><subfield code="y">1526-1765</subfield><subfield code="v">Sources.</subfield></datafield><datafield tag="700" ind1="0" ind2=" "><subfield code="6">880-05</subfield><subfield code="a">ʻInāyat Allāh,</subfield><subfield code="d">-approximately 1671.</subfield><subfield code="t">Ruqʻāt.</subfield></datafield><datafield tag="740" ind1="0" ind2="2"><subfield code="6">880-06</subfield><subfield code="a">Ruqʻāt-i ʻInāyat Allāh Kanbūh</subfield></datafield><datafield tag="773" ind1="0" ind2=" "><subfield code="a">Sulaiman Purchase Collection.</subfield></datafield><datafield tag="880" ind1="0" ind2="2"><subfield code="6">740-06/</subfield><subfield code="a">رقعات عنایت الله كنبوه</subfield></datafield><datafield tag="880" ind1="0" ind2=" "><subfield code="6">700-05/</subfield><subfield code="a">عنايت الله.</subfield><subfield code="t">رقعات.</subfield></datafield><datafield tag="880" ind1="1" ind2="0"><subfield code="6">245-03/</subfield><subfield code="a">[مکاتبات نواب سیف خان و رقعات عنایت الله كنبوه,</subfield><subfield code="f">1203ه؟، 1788 و 1789م؟].</subfield></datafield><datafield tag="880" ind1="0" ind2=" "><subfield code="6">100-01/</subfield><subfield code="a">.فقيرالله</subfield></datafield><datafield tag="CID" ind1=" " ind2=" "><subfield code="a">006823191</subfield></datafield><datafield tag="DAT" ind1="0" ind2=" "><subfield code="a">20190719102640.0</subfield><subfield code="b">20190719000000.0</subfield></datafield><datafield tag="DAT" ind1="1" ind2=" "><subfield code="a">20190719090653.0</subfield><subfield code="b">2019-07-19T16:10:51Z</subfield></datafield><datafield tag="DAT" ind1="2" ind2=" "><subfield code="a">2015-10-02T18:00:03Z</subfield></datafield><datafield tag="CAT" ind1=" " ind2=" "><subfield code="a">SDR-MIU</subfield><subfield code="d">EX LIBRIS - ALEPH</subfield><subfield code="l">prepare.pl-004-008</subfield></datafield><datafield tag="FMT" ind1=" " ind2=" "><subfield code="a">BK</subfield></datafield><datafield tag="HOL" ind1=" " ind2=" "><subfield code="0">sdr-miu006823191</subfield><subfield code="a">MiU</subfield><subfield code="b">SDR</subfield><subfield code="c">MIU</subfield><subfield code="p">mdp.39015079131010</subfield><subfield code="s">MIU</subfield><subfield code="1">006823191</subfield></datafield><datafield tag="974" ind1=" " ind2=" "><subfield code="b">MIU</subfield><subfield code="c">MIU</subfield><subfield code="d">20190719</subfield><subfield code="s">lit-dlps-dc</subfield><subfield code="u">mdp.39015079131010</subfield><subfield code="y">1789</subfield><subfield code="r">pd</subfield><subfield code="q">bib</subfield><subfield code="t">non-US bib date2, date type m &lt; 1896</subfield></datafield></record></collection>